@mastersthesis{gustafsson08,
  author={Gustafsson, Thomas},
  title={Computing The Ideal Racing Line Using Optimal Control},
  school={Linköpings tekniska högskola},
  year={2008}
}

@materthesis{xiong09,
  author={Xiong, Ying},
  title={Racing Line Optimization},
  school={Shanghai Jiao Tong University},
  year={2009}  
}

@masterthesis{hoffmann16,
  author={Niklas Hoffmann},
  title={Precise Racing Car Localisation - Improving GPS through Video and Sensors},
  school={Hasso-Plattner-Institut},
  year={2016}
}